@comment{© 2011–2012 UCLouvain, Belgium}

@comment{BibTeX database on writing style.}
@comment{For formatting guidelines please see README file.}

@comment{Requires "general.bib"}

@comment{$Id: writing.bib 3236 2012-10-24 13:44:26Z s.gonzalez $}

@comment{--- 2000 ---}

@book{strunk+00style,
 author = {William Strunk and E.B. White},
 title = {The Elements of Style},
 publisher = {Longman},
 year = 2000,
 edition = {Fourth},
 isbn = {0-205-30902-X}}

